@misc{w3c,
    author = {Dorwin, D. and Smith, J. and Watson, M. and Bateman, A.},
    title = {{Encrypted Media Extensions}},
    year = 2017,
    publisher = {W3C},
    howpublished = {\url{https://www.w3.org/TR/encrypted-media/}},
    note = {Zugriff am 26. April 2017}
}
